<record><leader>00000cas a2200000Ia 4500</leader><controlfield tag="001">11086923</controlfield><controlfield tag="008">840824d19101911ksuwr ne      0   a0eng d</controlfield><datafield ind1=" " ind2=" " tag="010"><subfield code="a">sn 84029506 </subfield></datafield><datafield ind1=" " ind2=" " tag="040"><subfield code="a">KSH</subfield><subfield code="b">eng</subfield><subfield code="c">KSH</subfield><subfield code="d">NPT</subfield><subfield code="d">OCLCQ</subfield></datafield><datafield ind1="0" ind2=" " tag="130"><subfield code="a">Troy republican (Troy, Kan.)</subfield></datafield><datafield ind1="1" ind2="4" tag="245"><subfield code="a">The Troy republican.</subfield></datafield><datafield ind1=" " ind2=" " tag="260"><subfield code="a">Troy, Kan. :</subfield><subfield code="b">W. Chas. Hopper,</subfield><subfield code="c">1910-1911.</subfield></datafield><datafield ind1=" " ind2=" " tag="300"><subfield code="a">1 v. :</subfield><subfield code="b">ill. ;</subfield><subfield code="c">55 cm.</subfield></datafield><datafield ind1=" " ind2=" " tag="310"><subfield code="a">Weekly</subfield></datafield><datafield ind1="0" ind2=" " tag="362"><subfield code="a">Vol. 1, no. 1 (Oct. 6, 1910)-v. 1, no. 43 (July 27, 1911).</subfield></datafield><datafield ind1=" " ind2=" " tag="500"><subfield code="a">Published by: S.E. Sherwood, Dec. 29, 1910; Mel A. Smith, Jan. 5 -July 27, 1911.</subfield></datafield><datafield ind1=" " ind2=" " tag="500"><subfield code="a">Progressive Republican.</subfield></datafield><datafield ind1=" " ind2=" " tag="752"><subfield code="a">United States</subfield><subfield code="b">Kansas</subfield><subfield code="c">Doniphan</subfield><subfield code="d">Troy.</subfield></datafield><datafield ind1="0" ind2="4" tag="785"><subfield code="t">Wathena times</subfield><subfield code="w">(DLC)sn 84029522</subfield></datafield></record>